
@article{DBLP:journals/corr/abs-2103-04330,
  author       = {Ilker {\"{O}}z{\c{c}}elik and
                  Sai Medury and
                  Justin T. Broaddus and
                  Anthony Skjellum},
  title        = {An Overview of Cryptographic Accumulators},
  journal      = {CoRR},
  volume       = {abs/2103.04330},
  year         = {2021},
  url          = {https://arxiv.org/abs/2103.04330},
  eprinttype    = {arXiv},
  eprint       = {2103.04330},
  timestamp    = {Thu, 14 Oct 2021 09:17:59 +0200},
  biburl       = {https://dblp.org/rec/journals/corr/abs-2103-04330.bib},
  bibsource    = {dblp computer science bibliography, https://dblp.org}
}

@article{ art-2024-intent-machine,
    author    = { Hart, Anthony and Reusche, D },
    title     = { {Abstract Intent Machines} },
    journal   = { Anoma Research Topics},
    month     = Feb,
    year      = 2024,
    publisher = {Zenodo},
    doi       = { 10.5281/zenodo.10498993 },
    url       = { https://doi.org/10.5281/zenodo.10118865 }
}

@misc{orchard,
  author       = {Daira Emma Hopwood and
                  Sean Bowe and
                  Taylor Hornby and
                  Nathan Wilcox},
  title        = {Zcash Protocol Specification},
  year         = {2023},
  url          = {https://zips.z.cash/protocol/protocol.pdf}}

@misc{nock4k,
  title = {{Nock definition}},
  url   = {https://docs.urbit.org/language/nock/reference/definition},
  author       = "{Urbit}"
}

@book{thaler,
  title     = {{Proofs, Arguments, and Zero-Knowledge}},
  author    = {Justin Thaler},
  year      = {2023},
  url = {https://people.cs.georgetown.edu/jthaler/ProofsArgsAndZK.pdf}
}